2508 4108
1012 771 1497 832 LECTORI.

280 1019 519 1081 PRIMUS,
571 1019 713 1087 quod
763 1019 940 1080 sciam,
992 1018 1386 1071 Graduatorum
1439 1019 1966 1088 Cantabrigiensium
2021 1019 2338 1088 Catalogum

174 1110 341 1162 edidit
367 1110 627 1179 Georgius
663 1110 890 1173 Borlase,
926 1111 1097 1180 primo
1136 1112 1205 1164 ab
1236 1130 1375 1163 anno
1412 1114 1549 1163 1659
1590 1111 1658 1163 ad
1691 1130 1892 1162 annum
1931 1110 2084 1174 1787,
2112 1114 2342 1165 secundo

173 1204 240 1255 ab
277 1221 416 1255 anno
456 1205 593 1256 1659
631 1204 697 1255 ad
733 1223 935 1255 annum
980 1206 1131 1256 1800.
1210 1203 1489 1256 Secundus
1515 1204 1619 1255 fuit
1647 1203 1715 1254 W
1718 1203 1952 1256 illelmus
1980 1204 2220 1267 Hustler,
2248 1207 2342 1277 qui

172 1296 388 1348 nomina
441 1296 822 1365 graduatorum
883 1296 1157 1366 evulgavit
1215 1315 1384 1366 usque
1439 1296 1505 1347 ad
1567 1298 1718 1348 1823.
1796 1296 2010 1348 Tertius
2073 1297 2341 1366 Josephus

174 1389 422 1458 Romilly,
449 1390 543 1459 qui
578 1389 731 1441 annis
774 1392 913 1442 1846
954 1396 1009 1442 et
1057 1393 1194 1442 1856
1233 1390 1618 1460 graduatorum
1653 1391 1872 1442 nomina
1909 1390 2173 1454 exhibuit,
2199 1398 2340 1444 cata-

175 1483 354 1552 logum
380 1501 538 1534 suum
564 1482 824 1552 incipiens
850 1502 989 1535 anno
1019 1484 1172 1538 1759.

280 1617 343 1668 In
373 1617 471 1668 hac
496 1617 725 1687 septima
750 1617 1001 1682 editione,
1027 1617 1378 1670 suadentibus
1404 1617 1637 1687 syndicis
1656 1618 1817 1687 praeli,
1846 1619 1939 1687 qui
1966 1619 2194 1689 benigne
2221 1638 2342 1671 con-

171 1718 439 1762 cesserunt
479 1718 541 1764 ut
579 1711 721 1780 typis
753 1719 809 1764 et-
847 1711 1152 1781 sumptibus
1182 1711 1519 1764 Academicis
1553 1711 1968 1781 imprimeretur,
1998 1713 2191 1765 omissa
2216 1722 2341 1766 sunt

14 1828 42 1839 ·⁴
122 1817 127 1820 ’
171 1803 387 1856 nomina
412 1804 653 1856 omnium
678 1812 804 1857 ante
829 1823 1031 1856 annum
1061 1808 1212 1858 1800.

281 1939 348 1990 In
396 1939 779 2009 graduatorum
829 1941 1070 2010 catalogo
1122 1959 1294 1993 annus
1331 1941 1520 2011 gradui
1560 1941 1783 1994 cuilibet
1820 1943 2095 2011 subjectus
2132 1962 2341 2013 semper

172 2038 325 2084 notat
354 2051 557 2085 annum
593 2033 650 2085 in
681 2052 786 2103 quo
814 2033 1112 2087 Senioritas
1143 2034 1438 2087 Academia
1461 2042 1774 2098 reservatur,
1800 2036 1894 2105 qui
1920 2055 2058 2106 saepe
2084 2038 2344 2106 posterior

173 2134 253 2178 est
279 2145 418 2179 anno
443 2127 791 2180 admissionis,
869 2128 1015 2181 Olim
1042 2128 1136 2198 qui
1162 2128 1380 2181 admissi
1407 2129 1626 2181 fuerunt
1659 2147 1754 2198 per
1778 2148 1981 2182 annum
2015 2130 2083 2182 ad
2118 2131 2340 2183 titulum

174 2219 515 2273 Baccalaurei
558 2211 616 2273 in
665 2221 891 2273 Artibus
942 2221 1208 2290 designati
1257 2221 1482 2291 gradum
1535 2240 1694 2274 suum
1743 2221 2152 2292 inauguratione
2202 2242 2342 2276 com-

172 2313 456 2382 pleverunt
505 2314 593 2366 die
643 2313 876 2367 secunda
926 2313 1146 2367 termini
1196 2314 1467 2366 Paschalis
1517 2315 1820 2384 sequentis:
1883 2334 1981 2386 eg.
2033 2334 2217 2368 omnes
2267 2316 2340 2368 sic

173 2406 388 2459 admissi
429 2415 549 2476 post
592 2408 735 2460 diem
781 2414 988 2460 sextam
1029 2407 1228 2460 mensis
1280 2408 1481 2477 Aprilis
1531 2408 1664 2460 AD.
1719 2408 1858 2464 1872
1906 2409 2133 2479 gradum
2182 2429 2337 2462 suum

171 2500 570 2570 compleverunt
604 2501 690 2553 die
729 2503 856 2554 19111ει
882 2501 1080 2553 mensis
1117 2500 1319 2570 Aprilis
1346 2500 1477 2552 A.D.
1517 2500 1671 2556 1873.
1752 2501 1858 2554 Sed
1877 2502 1993 2570 jam
2020 2503 2132 2555 haec
2158 2504 2339 2556 omnia

173 2599 383 2646 mutata
423 2601 578 2658 sunt3
634 2602 690 2647 et
734 2594 847 2646 dies
896 2593 1321 2663 inaugurationis
1369 2594 1636 2662 graduum
1675 2594 2147 2647 Baccalaureorum
2190 2603 2245 2648 et
2283 2596 2339 2648 in

174 2685 396 2739 Artibus
435 2694 490 2739 et
530 2687 584 2738 in
620 2687 755 2740 Jure
788 2687 1039 2775 eriteries
1069 2687 1264 2739 ultima
1293 2686 1511 2739 termini
1547 2687 1731 2739 Sancti
1768 2687 2082 2753 Michaelis;
2122 2690 2338 2741 nomina

172 2778 362 2832 horum
403 2780 644 2832 omnium
676 2781 771 2850 qui
809 2780 1029 2832 admissi
1056 2781 1277 2832 fuerunt
1316 2780 1506 2831 diebus
1541 2782 1607 2831 14
1643 2787 1699 2831 et
1729 2781 1795 2835 17
1820 2781 1857 2833 J
1861 2781 1990 2843 unii,
2018 2781 2151 2834 A.D.
2184 2786 2337 2845 1884,

174 2882 229 2926 et
263 2874 356 2944 qui
389 2875 616 2944 gradum
643 2893 802 2927 suum
837 2874 1184 2944 complebunt
1222 2875 1308 2926 die
1347 2877 1474 2927 19⁸⁰a
1506 2874 1701 2926 mensis
1740 2875 2067 2937 Decembris,
2098 2876 2151 2927 in
2196 2884 2334 2929 cata-

174 2967 291 3037 logo
337 2967 411 3020 sic
461 2967 882 3038 distinguuntur,
938 2970 1079 3019 1884
1135 2967 1225 3036 (2).
1304 2965 1506 3019 Omnes
1557 2985 1785 3036 quorum
1835 2968 2143 3020 nominibus
2196 2973 2334 3021 1884

172 3067 386 3113 tantum
429 3060 665 3129 affigitur
711 3060 937 3130 gradum
981 3060 1401 3129 compleveruntv
1435 3059 1520 3111 die
1569 3061 1696 3114 17⁰⁰a
1739 3059 1936 3112 mensis
1974 3061 2141 3113 Junii.
2221 3062 2334 3114 Ma-

172 3153 321 3222 gistri
346 3153 561 3206 Artium
583 3161 638 3206 et
657 3153 912 3205 Doctores
931 3153 988 3204 in
1005 3154 1194 3222 quavis
1211 3153 1466 3204 facultate
1485 3153 1752 3222 graduum
1774 3172 1990 3205 suorum
2012 3155 2333 3210 creationem
2382 3184 2385 3185 ⁷

172 3246 417 3299 obtinent
443 3247 671 3299 comitiis
711 3247 970 3309 maximis,
1010 3247 1092 3299 i.e.
1136 3247 1477 3316 “penultimo
1519 3247 1707 3299 Martis
1746 3248 1942 3301 Junii.''

330 3536 479 3574 DABAM
511 3531 822 3582 CANrAnmfflAE,

438 3610 516 3649 Die
548 3612 647 3650 27¹¹¹³
677 3611 837 3650 mensis
867 3610 1058 3650 Octobris

545 3698 629 3726 A.D.
662 3686 779 3725 1884.
