2508 4108
468 712 724 774 NOTAE
788 711 883 771 IN
945 710 1126 770 HOC
1187 709 1475 770 O'PERE
1534 708 2008 769 ADHIBITAE.

284 1115 332 1164 S.
336 1115 389 1164 T.
396 1115 453 1163 Β.
488 1154 742 1163 ............
751 1116 911 1163 Sacrae
934 1115 1209 1179 Theologiae
1235 1115 1605 1163 Baccalaureus.

126 1191 146 1211 '²
136 1203 260 1268 (α)
285 1203 332 1252 S.
337 1202 389 1252 T.
395 1203 450 1252 P.
486 1241 739 1251 ............
749 1204 906 1252 Sacrae
930 1203 1207 1267 Theologiae
1231 1203 1486 1252 Professor
1509 1204 1614 1250 sive
1640 1202 1838 1250 Doctm.

133 1269 136 1276 ,
284 1290 383 1339 LL.
389 1291 446 1338 B.
486 1329 740 1338 ............
750 1291 940 1354 Legum
963 1290 1335 1338 Baccalaureus.

283 1377 383 1426 LL.
389 1378 460 1426 M.
489 1416 743 1427 ............
753 1378 942 1442 Legum
965 1371 1221 1441 Magister.

283 1466 452 1515 LL.D.
490 1504 745 1515 ............
755 1467 942 1530 Legum
967 1466 1167 1514 Doctor.

284 1554 419 1604 M.B.
491 1593 746 1604 ............
754 1555 1018 1603 Medicinae
1042 1555 1411 1602 Baccalaureus.

241 1657 245 1661 ’
284 1642 417 1691 M.L.
647 1681 677 1690 ..
693 1643 1016 1691 ...Medicinae
1041 1642 1364 1702 Licentiatus,
1390 1641 1494 1690 sive
1518 1642 1804 1690 Praeticans
1826 1641 1880 1690 in
1905 1641 2168 1689 Medicina.

284 1730 400 1780 Ro,
426 1769 748 1779 ...............
756 1731 1115 1779 Baccalaureus
1137 1731 1192 1778 in
1217 1730 1494 1794 chirurgia.

282 1817 401 1866 ΜΛ]
404 1855 747 1867 ................
756 1819 999 1882 Magister
1020 1818 1076 1866 in
1099 1818 1372 1882 Chirurgia.

240 1903 242 1905 ¹
283 1906 423 1955 M.D.
493 1946 748 1955 ............
756 1908 1018 1956 Medicinae
1043 1907 1243 1956 Doctor.

283 1994 398 2043 AB
401 2032 746 2044 ................
754 1996 961 2043 Artium
985 1996 1359 2044 Baccalaureus.

285 2082 427 2131 A.M.
492 2121 748 2132 ............
758 2083 966 2132 Artium
989 2083 1245 2147 Magister.

287 2170 408 2218 Litt.
432 2171 493 2218 D.
559 2209 747 2218 .........
755 2171 943 2219 Doctor
965 2172 1020 2219 in
1043 2171 1264 2219 Litteris.

289 2260 363 2309 Sc.
391 2259 454 2307 D.
496 2297 751 2308 ............
759 2260 947 2308 Doctor
970 2260 1025 2308 in
1048 2259 1292 2308 Scientiis.

286 2345 417 2396 Mus,
447 2346 502 2394 Β.
561 2385 749 2395 .........
757 2347 974 2397 Musices
997 2348 1372 2396 Baccalaureus.

288 2434 418 2482 Mus.
446 2434 508 2482 D.
565 2473 731 2483 ........
736 2434 981 2491 ,Musices
1005 2435 1207 2483 Doctor.

286 2521 434 2571 Dubl.
459 2522 642 2587 incorp.
684 2523 1104 2572 ....Dub1iniensis
1127 2524 1480 2587 incorporatus.

287 2612 445 2660 Oxou.
471 2612 654 2676 incorp.
695 2612 1054 2662 ...Oxoniensis
1075 2614 1430 2677 incorporatus.

287 2701 319 2730 ’ἥ
327 2739 752 2750 ...................
759 2701 965 2765 Collegii
992 2702 1174 2751 Socius.

390 2788 548 2836 Tituli
580 2790 822 2852 graduum
859 2789 1061 2837 honoris
1101 2806 1247 2837 causa
1292 2789 1507 2838 concessi
1556 2789 1733 2837 Italico
1769 2789 2049 2837 charactere
2084 2794 2325 2836 notantur

291 2877 403 2942 (e.g.
430 2877 640 2942 LL.D.).

70 3098 77 3118 ,Ἰ
92 3112 94 3115 Ι
233 3057 292 3107 (α)
313 3054 502 3096 Admissi
517 3054 572 3097 ad
586 3067 805 3096 summum
817 3056 996 3108 gradum
1010 3056 1058 3097 in
1070 3068 1324 3108 quacunque
1336 3056 1542 3097 facultate
1556 3055 1662 3096 olim
1674 3054 1905 3097 audiebant
1919 3054 2135 3106 Magister,
2150 3054 2323 3102 Doctor,

91 3131 95 3134 ’
152 3121 219 3165 vel
237 3122 470 3164 Professor.
528 3123 701 3165 Titulus
720 3124 979 3165 Professoris
996 3124 1154 3166 Latine
1172 3124 1314 3166 adhuc
1332 3125 1526 3166 servatur
1543 3123 1591 3164 in
1602 3123 1810 3166 facultate
1825 3123 2079 3175 Theologiae.
2119 3122 2325 3163 Formula

153 3190 429 3232 admissionis
453 3191 501 3233 in
525 3192 705 3244 gradum
734 3194 995 3237 Doetoratus
1023 3193 1071 3234 in
1100 3192 1331 3245 'theologia
1358 3196 1438 3241 est,
1472 3191 1569 3234 “ad
1593 3191 1965 3243 interpretandum
1985 3194 2027 3232 0¹²
2048 3192 2324 3252 profitendum

74 3259 79 3286 Γ
155 3257 401 3300 universam
423 3258 598 3300 Sacram
621 3259 931 3311 Scripturam.'’
